<?xml version="1.0" encoding="UTF-8"?><collection xmlns="http://www.loc.gov/MARC21/slim"><record><leader>00405nam--2200133-i-4500</leader><controlfield tag="001">000023490</controlfield><controlfield tag="002">20161230</controlfield><controlfield tag="005">20161230201035</controlfield><controlfield tag="008">060222s1000------------r-----000-0-eng-d</controlfield><datafield ind1=" " ind2=" " tag="080"><subfield code="a">53(076)</subfield></datafield><datafield ind1=" " ind2=" " tag="100"><subfield code="a">Hristev, Anatolie</subfield></datafield><datafield ind1=" " ind2=" " tag="245"><subfield code="a">Probleme de caldura, fizica moleculara si termodinamica pentru examenele de admitere in invatamintul superior</subfield></datafield><datafield ind1=" " ind2=" " tag="260"><subfield code="a">Bucuresti, Ed.Tehnica, 1974. 256p</subfield></datafield><datafield ind1=" " ind2=" " tag="852"><subfield code="a">42070</subfield></datafield></record></collection>